@techreport{sanchez2017treedepth,
  title={About Treedepth and Related Notions},
  author={Sanchez Villaamil, Fernando and Rossmanith, Peter and Fernau, Henning},
  year={2017},
  institution={Fachgruppe Informatik}
}
@inproceedings{ganian2019sat,
  title={SAT-encodings for treecut width and treedepth},
  author={Ganian, Robert and Lodha, Neha and Ordyniak, Sebastian and Szeider, Stefan},
  booktitle={2019 Proceedings of the Twenty-First Workshop on Algorithm Engineering and Experiments (ALENEX)},
  pages={117--129},
  year={2019},
  organization={SIAM}
}
